% This file was created with JabRef 2.4.2.
% Encoding: GBK

@inproceedings{pinpoint,
  author = {Chen,, Mike Y. and Accardi,, Anthony and Kiciman,, Emre and Lloyd,,
	Jim and Patterson,, Dave and Fox,, Armando and Brewer,, Eric},
  title = {Path-based faliure and evolution management},
  booktitle = {USENIX Symposium on Networked Systems Design and Implementation (NSDI)},
  year = {2004},
  pages = {23--23},
  address = {Berkeley, CA, USA},
  publisher = {USENIX Association},
  location = {San Francisco, California}
}

@inproceedings{dynamo,
  author = {Giuseppe DeCandia and Deniz Hastorun and Madan Jampani and Gunavardhan
	Kakulapati and Avinash Lakshman and Alex Pilchin and Swami Sivasubramanian
	and Peter Vosshall and Werner Vogels},
  title = {Dynamo: {Amazon}'s Highly Available Key-Value Store},
  booktitle = {The ACM Symposium on Operating Systems Principles (SOSP)},
  year = {2007}
}

@inproceedings{gfs,
  author = {Sanjay Ghemawat and Howard Gobioff and Shun-Tak Leung},
  title = {The {Google} file system},
  booktitle = {The ACM Symposium on Operating Systems Principles (SOSP)},
  year = {2003}
}

