This file was created with JabRef 2.2.
Encoding: EUC_CN

@TECHREPORT{Adams_PDN-03-015,
  author = {Robert Adams},
  title = {Distributed System Management: PlanetLab Incidents and Management
	Tools},
  institution = {PlanetLab Consortium},
  year = {2003},
  number = {PDN--03--015},
  month = {November},
  owner = {gcn},
  timestamp = {2007.04.24}
}

@ARTICLE{Albrecht2006,
  author = {Jeannie Albrecht and Christopher Tuttle and Alex C. Snoeren and Amin
	Vahdat},
  title = {PlanetLab Application Management Using Plush},
  journal = {ACM Operating Systems Review},
  year = {2006},
  volume = {40},
  pages = {33--40},
  number = {1},
  owner = {gcn},
  timestamp = {2007.04.24}
}

@INPROCEEDINGS{PIER,
  author = {Ryan Huebsch and Brent Chun and Joseph Hellerstein and Boon Thau
	Loo and Petros Maniatis and Timothy Roscoe and Scott Shenker and
	Ion Stoica and Aydan Yumerefendi},
  title = {The Architecture of {PIER}: an Internet-Scale Query Processor.},
  booktitle = {CIDR},
  year = {2005},
  pages = {28-43},
  bibsource = {DBLP, http://dblp.uni-trier.de},
  ee = {http://www-db.cs.wisc.edu/cidr/papers/P03.pdf},
  owner = {gcn},
  timestamp = {2007.04.24}
}

@INPROCEEDINGS{Jain2004,
  author = {Ankur Jain and Joseph M. Hellerstein and Sylvia Ratnasamy and David
	Wetherall},
  title = {A Wakeup Call for Internet Monitoring Systems: The Case for Distributed
	Triggers},
  booktitle = {Proceedings of HotNets-III},
  year = {2004},
  abstract = {E:\007 talks\A Wakeup Call for Internet Monitoring Systems The Case
	for Distributed Triggers.ppt},
  owner = {gcn},
  pdf = {E:\003 paper\001 paper repository\hotnet2004\A Wakeup Call for Internet Monitoring Systems The Case for Distributed Triggers.pdf},
  timestamp = {2007.04.24},
  url = {http://db.cs.berkeley.edu/papers/hotnets04-wakeup.pdf}
}

@INPROCEEDINGS{Liang2005,
  author = {Jin Liang and Steven Ko and Indranil Gupta and Klara Nahrstedt},
  title = {{MON}: On-demand Overlays for Distributed System Management},
  booktitle = {Workshop on Real, Large Distributed Systems},
  year = {2005},
  owner = {gcn},
  timestamp = {2007.04.24}
}

@ARTICLE{Massie2004,
  author = {Matthew L. Massie and Brent N. Chun and David E. Culler},
  title = {The Ganglia Distributed Monitoring System: Design, Implementation,
	and Experience},
  journal = {Parallel Computing},
  year = {2004},
  volume = {30},
  pages = {817--840},
  number = {7},
  owner = {gcn},
  timestamp = {2007.04.24}
}

@INPROCEEDINGS{muir2004,
  author = {Steve Muir},
  title = {The Seven Deadly Sins of Distributed Systems},
  booktitle = {Workshop on Real, Large Distributed Systems},
  year = {2004},
  owner = {gcn},
  timestamp = {2007.04.24}
}

@INPROCEEDINGS{Oppenheimer2004,
  author = {David Oppenheimer and Jeannie Albrecht and David Patterson and Amin
	Vahdat},
  title = {Distributed resource discovery on PlanetLab with {SWORD}},
  booktitle = {Workshop on Real, Large Distributed Systems},
  year = {2004},
  owner = {gcn},
  timestamp = {2007.04.24}
}

@INPROCEEDINGS{Peterson2002,
  author = {Larry Peterson and Tom Anderson and David Culler and Timothy Roscoe},
  title = {A Blueprint for Introducing Disruptive Technology into the Internet},
  booktitle = {Proceedings of HotNets--I},
  year = {2002},
  address = {Princeton, New Jersey},
  month = {October},
  owner = {gcn},
  timestamp = {2007.04.24}
}

@ARTICLE{Astrolab,
  author = {Robbert van Renesse and Kenneth Birman and Werner Vogels},
  title = {Astrolabe: A robust and scalable technology for distributed system
	monitoring, management, and data mining.},
  journal = {ACM Trans. Comput. Syst.},
  year = {2003},
  volume = {21},
  pages = {164-206},
  number = {2},
  bibsource = {DBLP, http://dblp.uni-trier.de},
  ee = {http://doi.acm.org/10.1145/762483.762485},
  owner = {gcn},
  timestamp = {2007.04.24}
}

@ARTICLE{SOPHIA,
  author = {Mike Wawrzoniak and Larry Peterson and Timothy Roscoe},
  title = {Sophia: an Information Plane for networked systems.},
  journal = {Computer Communication Review},
  year = {2004},
  volume = {34},
  pages = {15-20},
  number = {1},
  bibsource = {DBLP, http://dblp.uni-trier.de},
  ee = {http://doi.acm.org/10.1145/972374.972378},
  owner = {gcn},
  timestamp = {2007.04.24}
}

@MISC{akamai,
  title = {Akamai},
  howpublished = {\url{http://www.akamai.com}},
  owner = {gcn},
  timestamp = {2007.04.24},
  url = {http://www.akamai.com}
}

@MISC{bittorrent,
  title = {BitTorrent},
  author= {B. Cohen},
  howpublished = {\url{http://www.bittorrent.com}},
  booktitle = {http://www.theether.org/pssh/},
  owner = {gcn},
  timestamp = {2007.04.24}
}

@MISC{google,
  title = {Google},
  howpublished = {\url{http://www.google.com}},
  owner = {gcn},
  timestamp = {2007.04.24},
  url = {http://www.google.com}
}

@MISC{pssh,
  title = {pssh},
  howpublished = {\url{http://www.theether.org/pssh/}},
  owner = {gcn},
  timestamp = {2007.04.24}
}

@MISC{vxargs,
  title = {vxargs},
  howpublished = {\url{http://dharma.cis.upenn.edu/planetlab/vxargs/}},
  owner = {gcn},
  timestamp = {2007.04.24}
}

@MISC{appmanager,
  title = {appmanager},
  howpublished = {\url{http://appmanager.berkeley.intel-research.net/}},
  owner = {gcn}
}

@inproceedings{Castro2003,
  author    = {Miguel Castro and
               Peter Druschel and
               Anne-Marie Kermarrec and
               Animesh Nandi and
               Antony I. T. Rowstron and
               Atul Singh},
  title     = {SplitStream: high-bandwidth multicast in cooperative environments.},
  booktitle = {SOSP},
  year      = {2003},
  pages     = {298-313},
  ee        = {http://doi.acm.org/10.1145/945445.945474},
  bibsource = {DBLP, http://dblp.uni-trier.de}
}

@inproceedings{Kostic2003,
  author    = {Dejan Kostic and
               Adolfo Rodriguez and
               Jeannie R. Albrecht and
               Amin Vahdat},
  title     = {Bullet: high bandwidth data dissemination using an overlay
               mesh.},
  booktitle = {SOSP},
  year      = {2003},
  pages     = {282-297},
  ee        = {http://doi.acm.org/10.1145/945445.945473},
  bibsource = {DBLP, http://dblp.uni-trier.de}
}

@article{Castro2002,
  title={Scribe: a large-scale and decentralized application-level multicast infrastructure},
  author={Castro, M. and Druschel, P. and Kermarrec, A.M. and Rowstron, AIT},
  journal={IEEE JSAC},
  volume={20},
  number={8},
  pages={1489--1499},
  year={2002}
}

@inproceedings{Chu2000,
  author    = {Yang-Hua Chu and
               Sanjay G. Rao and
               Hui Zhang},
  title     = {A case for end system multicast.},
  booktitle = {SIGMETRICS},
  year      = {2000},
  pages     = {1-12},
  ee        = {http://doi.acm.org/10.1145/339331.339337},
  bibsource = {DBLP, http://dblp.uni-trier.de}
}

@article{Foster2001,
  title={{The Anatomy of the Grid: Enabling Scalable Virtual Organizations}},
  author={Foster, I. and Kesselman, C. and Tuecke, S.},
  journal={International Journal of High Performance Computing Applications},
  volume={15},
  number={3},
  pages={200},
  year={2001}
}

@article{Eugster2004,
  author    = {Patrick Th. Eugster and
               Rachid Guerraoui and
               Anne-Marie Kermarrec and
               Laurent Massouli{\'e}},
  title     = {Epidemic Information Dissemination in Distributed Systems.},
  journal   = {IEEE Computer},
  volume    = {37},
  number    = {5},
  year      = {2004},
  pages     = {60-67},
  ee        = {http://csdl.computer.org/comp/mags/co/2004/05/r5060abs.htm},
  bibsource = {DBLP, http://dblp.uni-trier.de}
}

@inproceedings{Gummadi2004,
  author    = {P. Krishna Gummadi and
               Harsha V. Madhyastha and
               Steven D. Gribble and
               Henry M. Levy and
               David Wetherall},
  title     = {Improving the Reliability of Internet Paths with One-hop
               Source Routing.},
  booktitle = {OSDI},
  year      = {2004},
  pages     = {183-198},
  ee        = {http://www.usenix.org/events/osdi04/tech/gummadi.html},
  bibsource = {DBLP, http://dblp.uni-trier.de}
}

@article{Yalagandula2004,
  title={{A scalable distributed information management system}},
  author={Yalagandula, P. and Dahlin, M.},
  journal={Proceedings of the 2004 conference on Applications, technologies, architectures, and protocols for computer communications},
  pages={379--390},
  year={2004},
  publisher={ACM Press New York, NY, USA}
}

@inproceedings{shark,
  author    = {Siddhartha Annapureddy and
               Michael J. Freedman and
               David Mazi{\`e}res},
  title     = {Shark: Scaling File Servers via Cooperative Caching},
  booktitle = {NSDI},
  year      = {2005},
  ee        = {http://www.usenix.org/events/nsdi05/tech/annapureddy.html},
  bibsource = {DBLP, http://dblp.uni-trier.de}
}

@inproceedings{codeen,
  author    = {KyoungSoo Park and
               Vivek S. Pai},
  title     = {Scale and Performance in the CoBlitz Large-File Distribution
               Service},
  booktitle = {NSDI},
  year      = {2006},
  ee        = {http://www.usenix.org/events/nsdi06/tech/park_CoB.html},
  bibsource = {DBLP, http://dblp.uni-trier.de}
}

@inproceedings{coral,
  author    = {Michael J. Freedman and
               Eric Freudenthal and
               David Mazi{\`e}res},
  title     = {Democratizing Content Publication with Coral},
  booktitle = {NSDI},
  year      = {2004},
  pages     = {239-252},
  ee        = {http://www.usenix.org/events/nsdi04/tech/freedman.html},
  bibsource = {DBLP, http://dblp.uni-trier.de}
}



