% This file was created with JabRef 2.3.1.
% Encoding: UTF8

@INPROCEEDINGS{Aguilera2003,
  author = {Marcos K. Aguilera and Jeffrey C. Mogul and Janet L. Wiener and Patrick
	Reynolds and Athicha Muthitacharoen},
  title = {Performance debugging for distributed systems of black boxes},
  booktitle = {SOSP},
  year = {2003}
}

@INPROCEEDINGS{Bahl2007,
  author = {Paramvir Bahl and Ranveer Chandra and Albert Greenberg and Srikanth
	Kandula and David A. Maltz and Ming Zhang},
  title = {Towards highly reliable enterprise network services via inference
	of multi-level dependencies},
  booktitle = {SIGCOMM},
  year = {2007}
}

@INPROCEEDINGS{Barham2004,
  author = {Paul Barham and Austin Donnelly and Rebecca Isaacs and Richard Mortier},
  title = {Using {Magpie} for request extraction and workload modelling},
  booktitle = {OSDI},
  year = {2004}
}

@INPROCEEDINGS{Caballero2007,
  author = {Juan Caballero and Heng Yin and Zhenkai Liang and Dawn Song},
  title = {Polyglot: Automatic Extraction of Protocol Message Format using Dynamic
	Binary Analysis},
  booktitle = {CCS},
  year = {2007}
}

@INPROCEEDINGS{Chanda2007,
  author = {Anupam Chanda and Alan L. Cox and Willy Zwaenepoel},
  title = {Whodunit: Transactional profiling for multi-tier applications},
  booktitle = {EuroSys},
  year = {2007}
}

@INPROCEEDINGS{Chang2006,
  author = {Fay Chang and Jeffrey Dean and Sanjay Ghemawat and Wilson C. Hsieh and
    Deborah A. Wallach and Mike Burrows and Tushar Chandra and Andrew Fikes and
	Robert E. Gruber},
  title = {Bigtable: A Distributed Storage System for Structured Data},
  booktitle = {OSDI},
  year = {2006}
}

@INPROCEEDINGS{Chen2004,
  author = {Mike Y. Chen and Anthony Accardi and Emre Kiciman and Jim Lloyd and
	Dave Patterson and Armando Fox and Eric Brewer},
  title = {Path-Based Failure and Evolution Management},
  booktitle = {NSDI},
  year = {2004}
}

@INPROCEEDINGS{Cui2007,
  author = {Weidong Cui and Jayanthkumar Kannan and Helen J. Wang},
  title = {Discoverer: Automatic Protocol Reverse Engineering from Network Traces},
  booktitle = {USENIX Security Symposium},
  year = {2007}
}

@INPROCEEDINGS{Dean2004,
  author = {Jeffrey Dean and Sanjay Ghemawat},
  title = {MapReduce: Simplified Data Processing on Large Clusters},
  booktitle = {OSDI},
  year = {2004}
}

@INPROCEEDINGS{Ghemawat2003,
  author = {Sanjay Ghemawat and Howard Gobioff and Shun-Tak Leung},
  title = {The {Google} file system},
  booktitle = {SOSP},
  year = {2003}
}

@ARTICLE{Lamport1978,
  author = {Leslie Lamport},
  title = {Time, clocks, and the ordering of events in a distributed system},
  journal = {Commun. ACM},
  year = {1978},
  volume = {21},
  pages = {558--565},
  number = {7}
}

@INPROCEEDINGS{Larus1999,
  author = {James R. Larus},
  title = {Whole Program Paths},
  booktitle = {PLDI},
  year = {1999}
}

@TECHREPORT{Lin2008,
  author = {Wei Lin and Mao Yang and Lintao Zhang and Lidong Zhou},
  title = {PacificA: Replication in Log-Based Distributed Storage Systems},
  institution = {Microsoft Research},
  year = {2008},
  number = {TR-2008-25}
}

@INPROCEEDINGS{Liu2008,
  author = {Xuezheng Liu and Zhenyu Guo and Xi Wang and Feibo Chen and Xiaochen
	Lian and Jian Tang and Ming Wu and M. Frans Kaashoek and Zheng Zhang},
  title = {{D$^3$S}: Debugging Deployed Distributed Systems},
  booktitle = {NSDI},
  year = {2008}
}

@INPROCEEDINGS{Lu2008,
  author = {Shan Lu and Soyeon Park and Eunsoo Seo and Yuanyuan Zhou},
  title = {Learning from mistakes: a comprehensive study on real world concurrency
	bug characteristics},
  booktitle = {ASPLOS},
  year = {2008}
}

@INPROCEEDINGS{Mysore2008,
  author = {Shashidhar Mysore and Bita Mazloom and Banit Agrawal and Timothy
	Sherwood},
  title = {Understanding and visualizing full systems with data flow tomography},
  booktitle = {ASPLOS},
  year = {2008}
}

@ARTICLE{Nevill-Manning1997,
  author = {Craig G. Nevill-Manning and Ian H. Witten},
  title = {Compression and explanation using hierarchical grammars},
  journal = {Computer Journal},
  year = {1997},
  volume = {40},
  pages = {103--116}
}

@INPROCEEDINGS{Reynolds2006,
  author = {Patrick Reynolds and Charles Killian and Janet L. Wiener and Jeffrey
	C. Mogul and Mehul A. Shah and Amin Vahdat},
  title = {Pip: Detecting the Unexpected in Distributed Systems},
  booktitle = {NSDI},
  year = {2006}
}

@MISC{WebCrashes2008,
  author = {Brad Stone},
  title = {{As Web Traffic Grows, Crashes Take Bigger Toll}},
  howpublished = {\url{http://www.nytimes.com/2008/07/06/technology/06outage.html}},
  month = {July},
  year = {2008},
  booktitle = {New York Times},
  day = {6}
}

@INPROCEEDINGS{Fonseca2007,
  title={X-Trace: A Pervasive Network Tracing Framework},
  author={Rodrigo Fonseca and George Porter and Randy H. Katz and Scott Shenker and Ion Stoica},
  booktitle={NSDI},
  year={2007}
}

@INPROCEEDINGS{Reynolds2006a,
    title={{WAP5}: Blackbox Performance Debugging for WideArea Systems},
    author={Patrick Reynolds and Janet L. Wiener and Jeffrey C. Mogul and Amin Vahdat},
    booktitle={WWW},
    year={2006}
}

@INPROCEEDINGS{Zhenyu2008,
    title={{R2}: An Application-Level Kernel for Record and Replay},
    author={Zhenyu Guo and Xi Wang and Jian Tang and Xuezheng Liu and
Zhilei Xu and Ming Wu and M. Frans Kaashoek and Zheng Zhang},
    booktitle={OSDI},
    year={2008}
}



@comment{jabref-meta: selector_publisher:}

@comment{jabref-meta: selector_author:}

@comment{jabref-meta: selector_journal:}

@comment{jabref-meta: selector_keywords:}

