% This file was created with JabRef 2.4.2.
% Encoding: GBK

@INPROCEEDINGS{pinpoint,
  author = {Chen,, Mike Y. and Accardi,, Anthony and Kiciman,, Emre and Lloyd,,
	Jim and Patterson,, Dave and Fox,, Armando and Brewer,, Eric},
  title = {Path-based faliure and evolution management},
  booktitle = {USENIX Symposium on Networked Systems Design and Implementation (NSDI)},
  year = {2004},
  pages = {23--23},
  address = {Berkeley, CA, USA},
  publisher = {USENIX Association},
  location = {San Francisco, California}
}

@INPROCEEDINGS{dynamo,
  author = {Giuseppe DeCandia and Deniz Hastorun and Madan Jampani and Gunavardhan
	Kakulapati and Avinash Lakshman and Alex Pilchin and Swami Sivasubramanian
	and Peter Vosshall and Werner Vogels},
  title = {Dynamo: {Amazon}'s Highly Available Key-Value Store},
  booktitle = {The ACM Symposium on Operating Systems Principles (SOSP)},
  year = {2007}
}

@INPROCEEDINGS{gfs,
  author = {Sanjay Ghemawat and Howard Gobioff and Shun-Tak Leung},
  title = {The {Google} file system},
  booktitle = {The ACM Symposium on Operating Systems Principles (SOSP)},
  year = {2003}
}

@ARTICLE{Kephart2003,
  author = {Jeffrey O. Kephart and David M. Chess},
  title = {The Vision of Autonomic Computing},
  journal = {IEEE Computer Magazine},
  year = {2003},
  volume = {36},
  pages = {41-50},
  owner = {Administrator},
  timestamp = {2009.04.08}
}

@BOOK{Manning1999,
  title = {Foundations of Statistical Natural Language Processing},
  publisher = {MIT Press},
  year = {1999},
  author = {Chris Manning and Hinrich Schutze},
  owner = {Administrator},
  timestamp = {2009.04.08}
}

